
%wiki, news articles or articles in other areas
%begin

@article{LDA,
 author = {Blei, David M. and Ng, Andrew Y. and Jordan, Michael I.},
 title = {Latent Dirichlet Allocation},
 journal = {J. Mach. Learn. Res.},
 issue_date = {3/1/2003},
 volume = {3},
 month = mar,
 year = {2003},
 issn = {1532-4435},
 pages = {993--1022}
} 


@misc{ztest,
 title = "Z-test",
 author = "{Wikipedia}",
 howpublished="http://en.wikipedia.org/wiki/Z-test"
}

@misc{ACA-health,
 title = "Why is my state's ACA healthcare exchange site slow?",
 author = "{Jyoti Bansal}",
 howpublished="http://blog.appdynamics.com/news/why-is-my-states-aca-healthcare-exchange-site-slow/"
}

@misc{colorado,
 author = "Glen Emerson Morris",
 title = {Lessons from the Colorado Benefits Management System Disaster},
 howpublished= {www.ad-mkt-review.com/publichtml/air/ai200411.html},
 year = 2004,
}

@misc{uk,
 title="1901 Census site still down after six months",
 author = {Tim Richardson},
 howpublished="http://www.theregister.co.uk/2002/07/03/ 1901\_census\_site\_still\_down/"
}

@misc{dicksites,
 title		= "Identifying Dark Latency",
 author	= {Richard L. Sites},
 howpublished= ""
}

@misc{halloffame,
 title="Top 10 Open Source Hall of Famers",
 author="InfoWorld",
 howpublished="http://www.infoworld.com/d/open-source/top-10-open-source-hall-famers-848"
}


@misc{apache45396,
 title = "Bug 45396: There is no hint in the Javadocs",
 author = "{Stefan Bodewig}",
 howpublished="https://issues.apache.org/ bugzilla/show\_bug.cgi?id=45396\#c4"
}

@misc{chisquared,
  howpublished = "http://en.wikipedia.org/wiki/Chi-squared\_test",
  title = {Chi-squared test},
  author = {wikipedia}
}



%wiki, news articles or articles in other areas
%end


%general bugs
%begin

@inproceedings{characteristics.asplos08,
 author = {Shan Lu and Soyeon Park and Eunsoo Seo and Yuanyuan Zhou},
 title = {Learning from mistakes -- A comprehensive study of real world concurrency bug
    characteristics},
 booktitle = {Proceedings of the 13th International Conference on Architectural Support for Programming Languages and Operating Systems},
 series = {ASPLOS XIII},
 year = {2008},
 isbn = {978-1-59593-958-6},
 location = {Seattle, WA, USA},
 pages = {329--339},
 numpages = {11},
 url = {http://doi.acm.org/10.1145/1346281.1346323},
 doi = {10.1145/1346281.1346323},
 acmid = {1346323},
 publisher = {ACM},
 address = {New York, NY, USA},
 keywords = {bug characteristics, concurrency bug, concurrent program},
}

@article{Lu.study.fast,
 author = {Lu, Lanyue and Arpaci-Dusseau, Andrea C. and Arpaci-Dusseau, Remzi H. and Lu, Shan},
 title = {A Study of Linux File System Evolution},
 journal = {Trans. Storage},
 issue_date = {January 2014},
 volume = {10},
 number = {1},
 month = jan,
 year = {2014},
 issn = {1553-3077},
 pages = {3:1--3:32},
 articleno = {3},
 numpages = {32},
 url = {http://doi.acm.org/10.1145/2560012},
 doi = {10.1145/2560012},
 acmid = {2560012},
 publisher = {ACM},
 address = {New York, NY, USA},
 keywords = {File systems, bug, failure, patch, performance, reliability},
}

@inproceedings{chou01empirical,
 author = {Chou, Andy and Yang, Junfeng and Chelf, Benjamin and Hallem, Seth and Engler, Dawson},
 title = {An Empirical Study of Operating Systems Errors},
 booktitle = {Proceedings of the Eighteenth ACM Symposium on Operating Systems Principles},
 series = {SOSP '01},
 year = {2001},
 isbn = {1-58113-389-8},
 location = {Banff, Alberta, Canada},
 pages = {73--88},
 numpages = {16},
 url = {http://doi.acm.org/10.1145/502034.502042},
 doi = {10.1145/502034.502042},
 acmid = {502042},
 publisher = {ACM},
 address = {New York, NY, USA},
} 

@inproceedings{LiASID06,
 author = {Zhenmin Li and Lin Tan and Xuanhui Wang and Shan Lu and Yuanyuan Zhou and Chengxiang Zhai},
 title = {Have things changed now?: an empirical study of bug characteristics in modern open source software},
 booktitle = {Proceedings of the 1st Workshop on Architectural and System Support for Improving Software Dependability},
 series = {ASID '06},
 year = {2006},
 isbn = {1-59593-576-2},
 location = {San Jose, California},
 pages = {25--33},
 numpages = {9},
 url = {http://doi.acm.org/10.1145/1181309.1181314},
 doi = {10.1145/1181309.1181314},
 acmid = {1181314},
 publisher = {ACM},
 address = {New York, NY, USA},
 keywords = {bug characteristics, bug detection, empirical study, open source, security},
}

@misc{msdnannot,
 author = "{M}icrosoft",
 title = "{MSDN} {SAL} annotations",
 howpublished="http://msdn2.microsoft.com/en-us/library/ms235402.aspx"
}

@misc{linuxannot,
 author = "L. Torvalds",
 title="Sparse - A semantic parser for C.",
 howpublished = "http://www.kernel.org/pub/software/devel/sparse/"
}

%general bugs
%end



%rule-based bug detection
%begin

@InProceedings{chouasplos00,
 author = {Chou, Andy and Chelf, Benjamin and Engler, Dawson and Heinrich, Mark},
 title = {Using Meta-level Compilation to Check FLASH Protocol Code},
 booktitle = {Proceedings of the Ninth International Conference on Architectural Support for Programming Languages and Operating Systems},
 series = {ASPLOS IX},
 year = {2000},
 isbn = {1-58113-317-0},
 location = {Cambridge, Massachusetts, USA},
 pages = {59--70},
 numpages = {12},
 url = {http://doi.acm.org/10.1145/378993.379002},
 doi = {10.1145/378993.379002},
 acmid = {379002},
 publisher = {ACM},
 address = {New York, NY, USA},
}

@article{billpugh,
 author = {Hovemeyer, David and Pugh, William},
 title = {Finding Bugs is Easy},
 journal = {SIGPLAN Not.},
 issue_date = {December 2004},
 volume = {39},
 number = {12},
 month = dec,
 year = {2004},
 issn = {0362-1340},
 pages = {92--106},
 numpages = {15},
 url = {http://doi.acm.org/10.1145/1052883.1052895},
 doi = {10.1145/1052883.1052895},
 acmid = {1052895},
 publisher = {ACM},
 address = {New York, NY, USA},
} 

@InProceedings{   CPMiner04,
 author        = "Zhenmin Li and Shan Lu and Suvda Myagmar and Yuanyuan
                 Zhou",
 title         = "{CP-Miner: A Tool for Finding Copy-paste and Related Bugs
                  in Operating System Code}",
 booktitle = {Proceedings of the 6th Conference on Symposium on Opearting Systems Design \& Implementation - Volume 6},
 series = {OSDI'04},
 year = {2004},
 location = {San Francisco, CA},
 pages = {20--20},
 numpages = {1},
 url = {http://dl.acm.org/citation.cfm?id=1251254.1251274},
 acmid = {1251274},
 publisher = {USENIX Association},
 address = {Berkeley, CA, USA},
}

@inproceedings{PRMiner05,
 author = {Li, Zhenmin and Zhou, Yuanyuan},
 title = {PR-Miner: Automatically Extracting Implicit Programming Rules and Detecting Violations in Large Software Code},
 booktitle = {Proceedings of the 10th European Software Engineering Conference Held Jointly with 13th ACM SIGSOFT International Symposium on Foundations of Software Engineering},
 series = {ESEC/FSE-13},
 year = {2005},
 isbn = {1-59593-014-0},
 location = {Lisbon, Portugal},
 pages = {306--315},
 numpages = {10},
 url = {http://doi.acm.org/10.1145/1081706.1081755},
 doi = {10.1145/1081706.1081755},
 acmid = {1081755},
 publisher = {ACM},
 address = {New York, NY, USA},
 keywords = {automated specification generation, automated violation detection, data mining for software engineering, pattern recognition, programming rules, static analysis},
}


@article{semanticpatch,
 author = {Muller, Gilles and Padioleau, Yoann and Lawall, Julia L. and Hansen, Ren{\'e} Rydhof},
 title = {Semantic Patches Considered Helpful},
 journal = {SIGOPS Oper. Syst. Rev.},
 issue_date = {July 2006},
 volume = {40},
 number = {3},
 month = jul,
 year = {2006},
 issn = {0163-5980},
 pages = {90--92},
 numpages = {3},
 url = {http://doi.acm.org/10.1145/1151374.1151392},
 doi = {10.1145/1151374.1151392},
 acmid = {1151392},
 publisher = {ACM},
 address = {New York, NY, USA},
}

@misc{fortify,
 howpublished = "http://www8.hp.com/us/en/software-solutions/static-code-analysis-sast/",
 title = {{HP Fortify Static Code Analyzer (SCA)}},
 author = {Fortify}
}

@inproceedings{10yearlinux,
 author = {Palix, Nicolas and Thomas, Ga\"{e}l and Saha, Suman and Calv\`{e}s, Christophe and Lawall, Julia and Muller, Gilles},
 title = {Faults in Linux: Ten Years Later},
 booktitle = {Proceedings of the Sixteenth International Conference on Architectural Support for Programming Languages and Operating Systems},
 series = {ASPLOS XVI},
 year = {2011},
 isbn = {978-1-4503-0266-1},
 location = {Newport Beach, California, USA},
 pages = {305--318},
 numpages = {14},
 url = {http://doi.acm.org/10.1145/1950365.1950401},
 doi = {10.1145/1950365.1950401},
 acmid = {1950401},
 publisher = {ACM},
 address = {New York, NY, USA},
 keywords = {fault-finding tools, linux},
}


@inproceedings{ engler01bugs,
 author = "Dawson Engler and David Yu Chen and Seth Hallem and Andy Chou and Benjamin Chelf",
 title = "Bugs as Deviant Behavior: A General Approach to Inferring Errors in Systems Code",
 booktitle = {Proceedings of the Eighteenth ACM Symposium on Operating Systems Principles},
 series = {SOSP '01},
 year = {2001},
 isbn = {1-58113-389-8},
 location = {Banff, Alberta, Canada},
 pages = {57--72},
 numpages = {16},
 url = {http://doi.acm.org/10.1145/502034.502041},
 doi = {10.1145/502034.502041},
 acmid = {502041},
 publisher = {ACM},
 address = {New York, NY, USA},
}

@inproceedings{emmett.ppopp10,
 author = {Rossbach, Christopher J. and Hofmann, Owen S. and Witchel, Emmett},
 title = {Is Transactional Programming Actually Easier?},
 booktitle = {Proceedings of the 15th ACM SIGPLAN Symposium on Principles and Practice of Parallel Programming},
 series = {PPoPP '10},
 year = {2010},
 isbn = {978-1-60558-877-3},
 location = {Bangalore, India},
 pages = {47--56},
 numpages = {10},
 url = {http://doi.acm.org/10.1145/1693453.1693462},
 doi = {10.1145/1693453.1693462},
 acmid = {1693462},
 publisher = {ACM},
 address = {New York, NY, USA},
 keywords = {optimistic concurrency, synchronization, transactional memory},
} 

@inproceedings{ sullivan92comparison,
  author = {Mark Sullivan and Ram Chillarege},
  title  = {A Comparison of Software Defects in Database Management Systems and Operating Systems},
  booktitle      = {FTCS},
  booktitlef     = {FTCS '92: 22nd Annual International Symposium on Fault-Tolerant Computing},
  year   = {1992}
}

@inproceedings{KLEE,
 author={Cristian Cadar and Daniel Dunbar and Dawson Engler},
 title ={KLEE: Unassisted and Automatic Generation of High-Coverage Tests for Complex Systems Programs},
 booktitle = {Proceedings of the 8th USENIX Conference on Operating Systems Design and Implementation},
 series = {OSDI'08},
 year = {2008},
 location = {San Diego, California},
 pages = {209--224},
 numpages = {16},
 url = {http://dl.acm.org/citation.cfm?id=1855741.1855756},
 acmid = {1855756},
 publisher = {USENIX Association},
 address = {Berkeley, CA, USA},
}

@inproceedings{dart,
 author = {Godefroid, Patrice and Klarlund, Nils and Sen, Koushik},
 title = {DART: directed automated random testing},
 booktitle = {Proceedings of the 2005 ACM SIGPLAN Conference on Programming Language Design and Implementation},
 series = {PLDI '05},
 year = {2005},
 isbn = {1-59593-056-6},
 location = {Chicago, IL, USA},
 pages = {213--223},
 numpages = {11},
 url = {http://doi.acm.org/10.1145/1065010.1065036},
 doi = {10.1145/1065010.1065036},
 acmid = {1065036},
 publisher = {ACM},
 address = {New York, NY, USA},
 keywords = {automated test generation, interfaces, program verification, random testing, software testing},
} 

@inproceedings{s2e,
 author = {Chipounov, Vitaly and Kuznetsov, Volodymyr and Candea, George},
 title = {{S2E}: a platform for in-vivo multi-path analysis of software systems},
 booktitle = {Proceedings of the Sixteenth International Conference on Architectural Support for Programming Languages and Operating Systems},
 series = {ASPLOS XVI},
 year = {2011},
 isbn = {978-1-4503-0266-1},
 location = {Newport Beach, California, USA},
 pages = {265--278},
 numpages = {14},
 url = {http://doi.acm.org/10.1145/1950365.1950396},
 doi = {10.1145/1950365.1950396},
 acmid = {1950396},
 publisher = {ACM},
 address = {New York, NY, USA},
 keywords = {analysis, binary, consistency models, dbt, framework, in-vivo, performance, symbolic execution, testing, virtualization},
} 

@inproceedings{livshits05dynamine,
 title = "DynaMine: Finding Common Error Patterns by Mining Software Revision Histories",
 author = "V. Benjamin Livshits and Thomas Zimmermann",
 booktitle = {Proceedings of the 10th European Software Engineering Conference Held Jointly with 13th ACM SIGSOFT International Symposium on Foundations of Software Engineering},
 series = {ESEC/FSE-13},
 year = {2005},
 isbn = {1-59593-014-0},
 location = {Lisbon, Portugal},
 pages = {296--305},
 numpages = {10},
 url = {http://doi.acm.org/10.1145/1081706.1081754},
 doi = {10.1145/1081706.1081754},
 acmid = {1081754},
 publisher = {ACM},
 address = {New York, NY, USA},
 keywords = {coding patterns, data mining, dynamic analysis, error patterns, one-line check-ins, revision histories, software bugs},
}


@inproceedings{zhendong.oopsla10,
 author = {Gabel, Mark and Yang, Junfeng and Yu, Yuan and Goldszmidt, Moises and Su, Zhendong},
 title = {Scalable and systematic detection of buggy inconsistencies in source code},
 booktitle = {Proceedings of the ACM International Conference on Object Oriented Programming Systems Languages and Applications},
 series = {OOPSLA '10},
 year = {2010},
 isbn = {978-1-4503-0203-6},
 location = {Reno/Tahoe, Nevada, USA},
 pages = {175--190},
 numpages = {16},
 url = {http://doi.acm.org/10.1145/1869459.1869475},
 doi = {10.1145/1869459.1869475},
 acmid = {1869475},
 publisher = {ACM},
 address = {New York, NY, USA},
 keywords = {bug detection, clone detection, static analysis},
} 

@inproceedings{kim.pldi11,
 author = {Meng, Na and Kim, Miryung and McKinley, Kathryn S.},
 title = {Systematic Editing: Generating Program Transformations from an Example},
 booktitle = {Proceedings of the 32Nd ACM SIGPLAN Conference on Programming Language Design and Implementation},
 series = {PLDI '11},
 year = {2011},
 isbn = {978-1-4503-0663-8},
 location = {San Jose, California, USA},
 pages = {329--342},
 numpages = {14},
 url = {http://doi.acm.org/10.1145/1993498.1993537},
 doi = {10.1145/1993498.1993537},
 acmid = {1993537},
 publisher = {ACM},
 address = {New York, NY, USA},
 keywords = {empirical study, program differencing, program transformation, software evolution},
} 

@inproceedings{WOODPECKER,
 author = {Cui, Heming and Hu, Gang and Wu, Jingyue and Yang, Junfeng},
 title = {Verifying Systems Rules Using Rule-directed Symbolic Execution},
 booktitle = {Proceedings of the Eighteenth International Conference on Architectural Support for Programming Languages and Operating Systems},
 series = {ASPLOS '13},
 year = {2013},
 isbn = {978-1-4503-1870-9},
 location = {Houston, Texas, USA},
 pages = {329--342},
 numpages = {14},
 url = {http://doi.acm.org/10.1145/2451116.2451152},
 doi = {10.1145/2451116.2451152},
 acmid = {2451152},
 publisher = {ACM},
 address = {New York, NY, USA},
 keywords = {error detection, path slicing, symbolic execution, systems rules, verification},
}

%rule-based bug detection
%end


%general diagnosis and debugging
%begin

@article{horwitz,
 author = {Horwitz, Susan and Reps, Thomas and Binkley, David},
 title = {Interprocedural Slicing Using Dependence Graphs},
 journal = {ACM Trans. Program. Lang. Syst.},
 issue_date = {Jan. 1990},
 volume = {12},
 number = {1},
 month = jan,
 year = {1990},
 pages = {26--60}
} 

@inproceedings{xiangyu.ase05,
 author = {Gupta, Neelam and He, Haifeng and Zhang, Xiangyu and Gupta, Rajiv},
 title = {Locating Faulty Code Using Failure-inducing Chops},
 booktitle = {Proceedings of the 20th IEEE/ACM International Conference on Automated Software Engineering},
 series = {ASE '05},
 year = {2005},
 isbn = {1-58113-993-4},
 location = {Long Beach, CA, USA},
 pages = {263--272},
 numpages = {10},
 url = {http://doi.acm.org/10.1145/1101908.1101948},
 doi = {10.1145/1101908.1101948},
 acmid = {1101948},
 publisher = {ACM},
 address = {New York, NY, USA},
 keywords = {automated debugging, backward dynamic, failure-inducing input, forward dynamic program slicing, program slicing},
} 

@inproceedings{delta,
 author    = {Andreas Zeller},
 title = {Isolating Cause-effect Chains from Computer Programs},
 booktitle = {Proceedings of the 10th ACM SIGSOFT Symposium on Foundations of Software Engineering},
 series = {SIGSOFT '02/FSE-10},
 year = {2002},
 isbn = {1-58113-514-9},
 location = {Charleston, South Carolina, USA},
 pages = {1--10},
 numpages = {10},
 url = {http://doi.acm.org/10.1145/587051.587053},
 doi = {10.1145/587051.587053},
 acmid = {587053},
 publisher = {ACM},
 address = {New York, NY, USA},
 keywords = {automated debugging, program comprehension, testing, tracing},
}

@inproceedings{liblit03,
 author =	 {Ben Liblit and Alex Aiken and Alice X. Zheng and
                        Michael I. Jordan},
 title =	 {Bug Isolation via Remote Program Sampling},
 booktitle = {Proceedings of the ACM SIGPLAN 2003 Conference on Programming Language Design and Implementation},
 series = {PLDI '03},
 year = {2003},
 isbn = {1-58113-662-5},
 location = {San Diego, California, USA},
 pages = {141--154},
 numpages = {14},
 url = {http://doi.acm.org/10.1145/781131.781148},
 doi = {10.1145/781131.781148},
 acmid = {781148},
 publisher = {ACM},
 address = {New York, NY, USA},
 keywords = {assertions, bug isolation, feature selection, logistic regression, random sampling, statistical debugging},
}

@inproceedings{liblit05,
 author = {Liblit, Ben and Naik, Mayur and Zheng, Alice X. and Aiken, Alex and Jordan, Michael I.},
 title = {Scalable statistical bug isolation},
 booktitle = {Proceedings of the 2005 ACM SIGPLAN Conference on Programming Language Design and Implementation},
 series = {PLDI '05},
 year = {2005},
 isbn = {1-59593-056-6},
 location = {Chicago, IL, USA},
 pages = {15--26},
 numpages = {12},
 url = {http://doi.acm.org/10.1145/1065010.1065014},
 doi = {10.1145/1065010.1065014},
 acmid = {1065014},
 publisher = {ACM},
 address = {New York, NY, USA},
 keywords = {bug isolation, feature selection, invariants, random sampling, statistical debugging}
 
} 

@inproceedings{Delta-LDA,
 author = {Andrzejewski, David and Mulhern, Anne and Liblit, Ben and Zhu, Xiaojin},
 title = {Statistical Debugging Using Latent Topic Models},
 booktitle = {Proceedings of the 18th European Conference on Machine Learning},
 series = {ECML '07},
 year = {2007},
 isbn = {978-3-540-74957-8},
 location = {Warsaw, Poland},
 pages = {6--17},
 numpages = {12},
 url = {http://dx.doi.org/10.1007/978-3-540-74958-5_5},
 doi = {10.1007/978-3-540-74958-5_5},
 acmid = {1421672},
 publisher = {Springer-Verlag},
 address = {Berlin, Heidelberg},
} 
 

@inproceedings{tarantula1,
 author = {Jones, James A. and Harrold, Mary Jean and Stasko, John},
 title = {Visualization of Test Information to Assist Fault Localization},
 booktitle = {Proceedings of the 24th International Conference on Software Engineering},
 series = {ICSE '02},
 year = {2002},
 isbn = {1-58113-472-X},
 location = {Orlando, Florida},
 pages = {467--477},
 numpages = {11},
 url = {http://doi.acm.org/10.1145/581339.581397},
 doi = {10.1145/581339.581397},
 acmid = {581397},
 publisher = {ACM},
 address = {New York, NY, USA},
} 


@inproceedings{tarantula2,
 author = {Santelices, Raul and Jones, James A. and Yanbing Yu and Harrold, Mary Jean},
 title = {Lightweight Fault-localization Using Multiple Coverage Types},
 booktitle = {Proceedings of the 31st International Conference on Software Engineering},
 series = {ICSE '09},
 year = {2009},
 isbn = {978-1-4244-3453-4},
 pages = {56--66},
 numpages = {11},
 url = {http://dx.doi.org/10.1109/ICSE.2009.5070508},
 doi = {10.1109/ICSE.2009.5070508},
 acmid = {1555021},
 publisher = {IEEE Computer Society},
 address = {Washington, DC, USA},
} 

@inproceedings{tarantula.darko,
 author = {Elton Alves and Milos Gligoric and Vilas Jagannath and Marcelo d'Amorim},
 title = {Fault-localization using dynamic slicing and change impact analysis},
 booktitle = {Proceedings of the 2011 26th IEEE/ACM International Conference on Automated Software Engineering},
 series = {ASE '11},
 year = {2011},
 isbn = {978-1-4577-1638-6},
 pages = {520--523},
 numpages = {4},
 url = {http://dx.doi.org/10.1109/ASE.2011.6100114},
 doi = {10.1109/ASE.2011.6100114},
 acmid = {2190115},
 publisher = {IEEE Computer Society},
 address = {Washington, DC, USA},
}


@inproceedings{CCI,
 author = {Jin, Guoliang and Thakur, Aditya and Liblit, Ben and Lu, Shan},
 title = {Instrumentation and sampling strategies for cooperative concurrency bug isolation},
 booktitle = {Proceedings of the ACM International Conference on Object Oriented Programming Systems Languages and Applications},
 series = {OOPSLA '10},
 year = {2010},
 isbn = {978-1-4503-0203-6},
 location = {Reno/Tahoe, Nevada, USA},
 pages = {241--255},
 numpages = {15},
 url = {http://doi.acm.org/10.1145/1869459.1869481},
 doi = {10.1145/1869459.1869481},
 acmid = {1869481},
 publisher = {ACM},
 address = {New York, NY, USA},
 keywords = {bug isolation, concurrency, random sampling, statistical debugging},
}


@inproceedings{joy.asplos13,
 author = {Arulraj, Joy and Chang, Po-Chun and Jin, Guoliang and Lu, Shan},
 title = {Production-run software failure diagnosis via hardware performance counters},
 booktitle = {Proceedings of the Eighteenth International Conference on Architectural Support for Programming Languages and Operating Systems},
 series = {ASPLOS '13},
 year = {2013},
 isbn = {978-1-4503-1870-9},
 location = {Houston, Texas, USA},
 pages = {101--112},
 numpages = {12},
 url = {http://doi.acm.org/10.1145/2451116.2451128},
 doi = {10.1145/2451116.2451128},
 acmid = {2451128},
 publisher = {ACM},
 address = {New York, NY, USA},
 keywords = {concurrency bugs, failure diagnosis, performance counters, production run},
} 

@inproceedings{hunt.sosp09,
 author = {Glerum, Kirk and Kinshumann, Kinshuman and Greenberg, Steve and Aul, Gabriel and Orgovan, Vince and Nichols, Greg and Grant, David and Loihle, Gretchen and Hunt, Galen},
 title = {Debugging in the (Very) Large: Ten Years of Implementation and Experience},
 booktitle = {Proceedings of the ACM SIGOPS 22Nd Symposium on Operating Systems Principles},
 series = {SOSP '09},
 year = {2009},
 isbn = {978-1-60558-752-3},
 location = {Big Sky, Montana, USA},
 pages = {103--116},
 numpages = {14},
 url = {http://doi.acm.org/10.1145/1629575.1629586},
 doi = {10.1145/1629575.1629586},
 acmid = {1629586},
 publisher = {ACM},
 address = {New York, NY, USA},
 keywords = {blue screen of death, bucketing, classifying, error reports, labeling, minidump, statistics-based debugging.},
} 

@inproceedings{lamsigsoft02,
 author = {Hangal, Sudheendra and Lam, Monica S.},
 title = {Tracking Down Software Bugs Using Automatic Anomaly Detection},
 booktitle = {Proceedings of the 24th International Conference on Software Engineering},
 series = {ICSE '02},
 year = {2002},
 isbn = {1-58113-472-X},
 location = {Orlando, Florida},
 pages = {291--301},
 numpages = {11},
 url = {http://doi.acm.org/10.1145/581339.581377},
 doi = {10.1145/581339.581377},
 acmid = {581377},
 publisher = {ACM},
 address = {New York, NY, USA},
}


@inproceedings{kremenek06inferring,
 author = {Kremenek, Ted and Twohey, Paul and Back, Godmar and Ng, Andrew and Engler, Dawson},
 title = {From Uncertainty to Belief: Inferring the Specification Within},
 booktitle = {Proceedings of the 7th Symposium on Operating Systems Design and Implementation},
 series = {OSDI '06},
 year = {2006},
 isbn = {1-931971-47-1},
 location = {Seattle, Washington},
 pages = {161--176},
 numpages = {16},
 url = {http://dl.acm.org/citation.cfm?id=1298455.1298471},
 acmid = {1298471},
 publisher = {USENIX Association},
 address = {Berkeley, CA, USA},
} 



%general diagnosis and debugging
%end


%general fix

@inproceedings{afix,
 author = {Jin, Guoliang and Song, Linhai and Zhang, Wei and Lu, Shan and Liblit, Ben},
 title = {Automated Atomicity-violation Fixing},
 booktitle = {Proceedings of the 32Nd ACM SIGPLAN Conference on Programming Language Design and Implementation},
 series = {PLDI '11},
 year = {2011},
 isbn = {978-1-4503-0663-8},
 location = {San Jose, California, USA},
 pages = {389--400},
 numpages = {12},
 url = {http://doi.acm.org/10.1145/1993498.1993544},
 doi = {10.1145/1993498.1993544},
 acmid = {1993544},
 publisher = {ACM},
 address = {New York, NY, USA},
 keywords = {atomicity violations, automated debugging, concurrency, critical regions, deadlock, mutex locks, mutual exclusion, patching, static analysis},
} 

@inproceedings{ofix,
 author = {Jin, Guoliang and Zhang, Wei and Deng, Dongdong and Liblit, Ben and Lu, Shan},
 title = {Automated Concurrency-bug Fixing},
 booktitle = {Proceedings of the 10th USENIX Conference on Operating Systems Design and Implementation},
 series = {OSDI'12},
 year = {2012},
 isbn = {978-1-931971-96-6},
 location = {Hollywood, CA, USA},
 pages = {221--236},
 numpages = {16},
 url = {http://dl.acm.org/citation.cfm?id=2387880.2387902},
 acmid = {2387902},
 publisher = {USENIX Association},
 address = {Berkeley, CA, USA},
} 

@inproceedings{mfix,
 author = {Gao, Qing and Xiong, Yingfei and Mi, Yaqing and Zhang, Lu and Yang, Weikun and Zhou, Zhaoping and Xie, Bing and Mei, Hong},
 title = {Safe Memory-Leak Fixing for C Programs},
 booktitle = {Proceedings of the 37th International Conference on Software Engineering},
 series = {ICSE '15},
 year = {2015},
}


%general fix 
%end

%framework and tool
%begin

@inproceedings{llvm,
 author = {Lattner, Chris and Adve, Vikram},
 title = {LLVM: A Compilation Framework for Lifelong Program Analysis \& Transformation},
 booktitle = {Proceedings of the International Symposium on Code Generation and Optimization: Feedback-directed and Runtime Optimization},
 series = {CGO '04},
 year = {2004},
 isbn = {0-7695-2102-9},
 location = {Palo Alto, California},
 pages = {75--},
 url = {http://dl.acm.org/citation.cfm?id=977395.977673},
 acmid = {977673},
 publisher = {IEEE Computer Society},
 address = {Washington, DC, USA},
}

@inproceedings{pin,
 author = {Luk, Chi-Keung and Cohn, Robert and Muth, Robert and Patil, Harish and Klauser, Artur and Lowney, Geoff and Wallace, Steven and Reddi, Vijay Janapa and Hazelwood, Kim},
 title = {Pin: Building Customized Program Analysis Tools with Dynamic Instrumentation},
 booktitle = {Proceedings of the 2005 ACM SIGPLAN Conference on Programming Language Design and Implementation},
 series = {PLDI '05},
 year = {2005},
 isbn = {1-59593-056-6},
 location = {Chicago, IL, USA},
 pages = {190--200},
 numpages = {11},
 url = {http://doi.acm.org/10.1145/1065010.1065034},
 doi = {10.1145/1065010.1065034},
 acmid = {1065034},
 publisher = {ACM},
 address = {New York, NY, USA},
 keywords = {dynamic compilation, instrumentation, program analysis tools},
}

@misc{oprofile,
  title= "{OProfile -- A System Profiler for Linux}",
  author = "OProfile",
  howpublished = "http://oprofile.sourceforge.net"
}

@misc{gprof,
    howpublished={http://sourceware.org/binutils/docs/gprof/},
}

%framework and tool
%end 

%general performance 
%begin

@book{rily.perftest,
  author	= {Ian Molyneaux},
  title		= {The Art of Application Performance Testing: Help for Programmers and Quality Assurance},
  year		= {2009},
  publisher	= {O'Reilly Media},
}

@inproceedings{lies,
 author = {Dugan, Robert F.},
 booktitle = {Proceedings of the 4th International Workshop on Software and Performance},
 series = {WOSP '04},
 year = {2004},
 isbn = {1-58113-673-0},
 location = {Redwood Shores, California},
 pages = {37--48},
 numpages = {12},
 url = {http://doi.acm.org/10.1145/974044.974050},
 doi = {10.1145/974044.974050},
 acmid = {974050},
 publisher = {ACM},
 address = {New York, NY, USA},
 keywords = {education, performance, software engineering},
}

@inproceedings{perfantipattern,
  author = {Smith, Connie U. and Williams, Lloyd G.},
  title = {Software performance antipatterns},
  booktitle = {Proceedings of the 2nd international workshop on Software and performance},
  year = {2000}
}

@inproceedings{perfassert1,
 author = {Perl, Sharon E. and Weihl, William E.},
 title = {Performance assertion checking},
 booktitle = {Proceedings of the Fourteenth ACM Symposium on Operating Systems Principles},
 series = {SOSP '93},
 year = {1993},
 isbn = {0-89791-632-8},
 location = {Asheville, North Carolina, USA},
 pages = {134--145},
 numpages = {12},
 url = {http://doi.acm.org/10.1145/168619.168630},
 doi = {10.1145/168619.168630},
 acmid = {168630},
 publisher = {ACM},
 address = {New York, NY, USA},
}

@inproceedings{perfassert2,
 author = {Vetter, Jeffrey S. and Worley, Patrick H.},
 title = {Asserting performance expectations},
 booktitle = {Proceedings of the 2002 ACM/IEEE Conference on Supercomputing},
 series = {SC '02},
 year = {2002},
 location = {Baltimore, Maryland},
 pages = {1--13},
 numpages = {13},
 url = {http://dl.acm.org/citation.cfm?id=762761.762809},
 acmid = {762809},
 publisher = {IEEE Computer Society Press},
 address = {Los Alamitos, CA, USA},
}

@inproceedings{gulwani.popl2009,
 author = {Gulwani, Sumit and Mehra, Krishna K. and Chilimbi, Trishul},
 title = {SPEED: precise and efficient static estimation of program computational complexity},
 booktitle = {Proceedings of the 36th Annual ACM SIGPLAN-SIGACT Symposium on Principles of Programming Languages},
 series = {POPL '09},
 year = {2009},
 isbn = {978-1-60558-379-2},
 location = {Savannah, GA, USA},
 pages = {127--139},
 numpages = {13},
 url = {http://doi.acm.org/10.1145/1480881.1480898},
 doi = {10.1145/1480881.1480898},
 acmid = {1480898},
 publisher = {ACM},
 address = {New York, NY, USA},
 keywords = {counter instrumentation, quantitative functions, symbolic complexity bounds, termination analysis},
} 

@inproceedings{green.pldi10,
 author = {Baek, Woongki and Chilimbi, Trishul M.},
 title = {Green: a framework for supporting energy-conscious programming using controlled approximation},
 booktitle = {Proceedings of the 31st ACM SIGPLAN Conference on Programming Language Design and Implementation},
 series = {PLDI '10},
 year = {2010},
 isbn = {978-1-4503-0019-3},
 location = {Toronto, Ontario, Canada},
 pages = {198--209},
 numpages = {12},
 url = {http://doi.acm.org/10.1145/1806596.1806620},
 doi = {10.1145/1806596.1806620},
 acmid = {1806620},
 publisher = {ACM},
 address = {New York, NY, USA},
 keywords = {controlled approximation, energy-conscious programming},
}

@inproceedings{asplos11karthik,
 author = {Liu, Song and Pattabiraman, Karthik and Moscibroda, Thomas and Zorn, Benjamin G.},
 title = {Flikker: saving {DRAM} refresh-power through critical data partitioning},
 booktitle = {Proceedings of the Sixteenth International Conference on Architectural Support for Programming Languages and Operating Systems},
 series = {ASPLOS XVI},
 year = {2011},
 isbn = {978-1-4503-0266-1},
 location = {Newport Beach, California, USA},
 pages = {213--224},
 numpages = {12},
 url = {http://doi.acm.org/10.1145/1950365.1950391},
 doi = {10.1145/1950365.1950391},
 acmid = {1950391},
 publisher = {ACM},
 address = {New York, NY, USA},
 keywords = {allocation, critical data, dram refresh, power-savings, soft errors},
} 

@inproceedings{Zaman2012MSR,
 author = {Zaman, Shahed and Adams, Bram and Hassan, Ahmed E.},
 title = {A Qualitative Study on Performance Bugs},
 booktitle = {Proceedings of the 9th IEEE Working Conference on Mining Software Repositories},
 series = {MSR '12},
 year = {2012},
 isbn = {978-1-4673-1761-0},
 location = {Zurich, Switzerland},
 pages = {199--208},
 numpages = {10},
 url = {http://dl.acm.org/citation.cfm?id=2664446.2664477},
 acmid = {2664477},
 publisher = {IEEE Press},
 address = {Piscataway, NJ, USA},
 keywords = {Mozilla Firefox, chromium, performance bugs, qualitative study},
}

@inproceedings{Nistor2013MSR,
 author = {Nistor, Adrian and Jiang, Tian and Tan, Lin},
 title = {Discovering, Reporting, and Fixing Performance Bugs},
 booktitle = {Proceedings of the 10th Working Conference on Mining Software Repositories},
 series = {MSR '13},
 year = {2013},
 isbn = {978-1-4673-2936-1},
 location = {San Francisco, CA, USA},
 pages = {237--246},
 numpages = {10},
 url = {http://dl.acm.org/citation.cfm?id=2487085.2487134},
 acmid = {2487134},
 publisher = {IEEE Press},
 address = {Piscataway, NJ, USA},
} 

@inproceedings{WISE,
 author = {Burnim, Jacob and Juvekar, Sudeep and Sen, Koushik},
 title = {WISE: Automated Test Generation for Worst-case Complexity},
 booktitle = {Proceedings of the 31st International Conference on Software Engineering},
 series = {ICSE '09},
 year = {2009},
 isbn = {978-1-4244-3453-4},
 pages = {463--473},
 numpages = {11},
 url = {http://dx.doi.org/10.1109/ICSE.2009.5070545},
 doi = {10.1109/ICSE.2009.5070545},
 acmid = {1555060},
 publisher = {IEEE Computer Society},
 address = {Washington, DC, USA},
} 

@inproceedings{EventBreak,
 author = {Pradel, Michael and Schuh, Parker and Necula, George and Sen, Koushik},
 title = {EventBreak: Analyzing the Responsiveness of User Interfaces Through Performance-guided Test Generation},
 booktitle = {Proceedings of the 2014 ACM International Conference on Object Oriented Programming Systems Languages and Applications},
 series = {OOPSLA '14},
 year = {2014},
 isbn = {978-1-4503-2585-1},
 location = {Portland, Oregon, USA},
 pages = {33--47},
 numpages = {15},
 url = {http://doi.acm.org/10.1145/2660193.2660233},
 doi = {10.1145/2660193.2660233},
 acmid = {2660233},
 publisher = {ACM},
 address = {New York, NY, USA},
 keywords = {performance, responsiveness, test generation, testing, web applications},
}

@inproceedings{Forepost,
 author = {Grechanik, Mark and Fu, Chen and Xie, Qing},
 title = {Automatically Finding Performance Problems with Feedback-directed Learning Software Testing},
 booktitle = {Proceedings of the 34th International Conference on Software Engineering},
 series = {ICSE '12},
 year = {2012},
 isbn = {978-1-4673-1067-3},
 location = {Zurich, Switzerland},
 pages = {156--166},
 numpages = {11},
 url = {http://dl.acm.org/citation.cfm?id=2337223.2337242},
 acmid = {2337242},
 publisher = {IEEE Press},
 address = {Piscataway, NJ, USA},
} 

@inproceedings{SpeedGun,
 author = {Pradel, Michael and Huggler, Markus and Gross, Thomas R.},
 title = {Performance Regression Testing of Concurrent Classes},
 booktitle = {Proceedings of the 2014 International Symposium on Software Testing and Analysis},
 series = {ISSTA 2014},
 year = {2014},
 isbn = {978-1-4503-2645-2},
 location = {San Jose, CA, USA},
 pages = {13--25},
 numpages = {13},
 url = {http://doi.acm.org/10.1145/2610384.2610393},
 doi = {10.1145/2610384.2610393},
 acmid = {2610393},
 publisher = {ACM},
 address = {New York, NY, USA},
 keywords = {Performance measurement, Test generation, Thread safety},
}

@inproceedings{HuangRegression,
 author = {Huang, Peng and Ma, Xiao and Shen, Dongcai and Zhou, Yuanyuan},
 title = {Performance Regression Testing Target Prioritization via Performance Risk Analysis},
 booktitle = {Proceedings of the 36th International Conference on Software Engineering},
 series = {ICSE 2014},
 year = {2014},
 isbn = {978-1-4503-2756-5},
 location = {Hyderabad, India},
 pages = {60--71},
 numpages = {12},
 url = {http://doi.acm.org/10.1145/2568225.2568232},
 doi = {10.1145/2568225.2568232},
 acmid = {2568232},
 publisher = {ACM},
 address = {New York, NY, USA},
 keywords = {Performance regression, cost modeling, performance risk analysis},
} 

@inproceedings{FACADE,
 author = {Nguyen, Khanh and Wang, Kai and Bu, Yingyi and Fang, Lu and Hu, Jianfei and Xu, Guoqing},
 title = {FACADE: A Compiler and Runtime for (Almost) Object-Bounded Big Data Applications},
 booktitle = {Proceedings of the Twentieth International Conference on Architectural Support for Programming Languages and Operating Systems},
 series = {ASPLOS '15},
 year = {2015},
 isbn = {978-1-4503-2835-7},
 location = {Istanbul, Turkey},
 pages = {675--690},
 numpages = {16},
 url = {http://doi.acm.org/10.1145/2694344.2694345},
 doi = {10.1145/2694344.2694345},
 acmid = {2694345},
 publisher = {ACM},
 address = {New York, NY, USA},
 keywords = {big data applications, managed languages, memory management, performance optimization},
}

@inproceedings{HarryISMM,
 author = {Bu, Yingyi and Borkar, Vinayak and Xu, Guoqing and Carey, Michael J.},
 title = {A Bloat-aware Design for Big Data Applications},
 booktitle = {Proceedings of the 2013 International Symposium on Memory Management},
 series = {ISMM '13},
 year = {2013},
 isbn = {978-1-4503-2100-6},
 location = {Seattle, Washington, USA},
 pages = {119--130},
 numpages = {12},
 url = {http://doi.acm.org/10.1145/2464157.2466485},
 doi = {10.1145/2464157.2466485},
 acmid = {2466485},
 publisher = {ACM},
 address = {New York, NY, USA},
 keywords = {big data applications, design, memory bloat},
} 

%general performance
%end



%performance diagnosis
%begin

@inproceedings{XRayOSDI,
 author = {Attariyan, Mona and Chow, Michael and Flinn, Jason},
 title = {X-ray: automating root-cause diagnosis of performance anomalies in production software},
 booktitle = {Proceedings of the 10th USENIX Conference on Operating Systems Design and Implementation},
 series = {OSDI'12},
 year = {2012},
 isbn = {978-1-931971-96-6},
 location = {Hollywood, CA, USA},
 pages = {307--320},
 numpages = {14},
 url = {http://dl.acm.org/citation.cfm?id=2387880.2387910},
 acmid = {2387910},
 publisher = {USENIX Association},
 address = {Berkeley, CA, USA},
} 

@inproceedings{TaoICSE2012,
 author = {Han, Shi and Dang, Yingnong and Ge, Song and Zhang, Dongmei and Xie, Tao},
 title = {Performance Debugging in the Large via Mining Millions of Stack Traces},
 booktitle = {Proceedings of the 34th International Conference on Software Engineering},
 series = {ICSE '12},
 year = {2012},
 isbn = {978-1-4673-1067-3},
 location = {Zurich, Switzerland},
 pages = {145--155},
 numpages = {11},
 url = {http://dl.acm.org/citation.cfm?id=2337223.2337241},
 acmid = {2337241},
 publisher = {IEEE Press},
 address = {Piscataway, NJ, USA},
}

@inproceedings{TaoAsplos2014,
 author = {Xiao Yu and Shi Han and Dongmei Zhang and Tao Xie},
 title = {Comprehending Performance from Real-World Execution Traces: A Device-Driver Case},
 booktitle = {Proceedings of the 19th International Conference on Architectural Support for Programming Languages and Operating Systems},
 series = {ASPLOS '14},
 year = {2014},
 isbn = {978-1-4503-2305-5},
 location = {Salt Lake City, Utah, USA},
 pages = {193--206},
 numpages = {14},
 url = {http://doi.acm.org/10.1145/2541940.2541968},
 doi = {10.1145/2541940.2541968},
 acmid = {2541968},
 publisher = {ACM},
 address = {New York, NY, USA},
 keywords = {bottlenecks, contrast data mining, device drivers, execution traces, performance analysis},
}

@article{amertrace,
  author    = {Amer Diwan and
    Matthias Hauswirth and
      Todd Mytkowicz and
      Peter F. Sweeney},
  title     = {TraceAnalyzer: a system for processing performance traces},
  journal   = {Softw., Pract. Exper.},
  volume    = {41},
  number    = {3},
  year      = {2011},
  pages     = {267-282}
}

@inproceedings{SongOOPSLA2014,
 author = {Song, Linhai and Lu, Shan},
 title = {Statistical Debugging for Real-world Performance Problems},
 booktitle = {Proceedings of the 2014 ACM International Conference on Object Oriented Programming Systems Languages and Applications},
 series = {OOPSLA '14},
 year = {2014},
 isbn = {978-1-4503-2585-1},
 location = {Portland, Oregon, USA},
 pages = {561--578},
 numpages = {18},
 url = {http://doi.acm.org/10.1145/2660193.2660234},
 doi = {10.1145/2660193.2660234},
 acmid = {2660234},
 publisher = {ACM},
 address = {New York, NY, USA},
 keywords = {empirical study, performance bugs, performance diagnosis, statistical debugging},
}

@article{IntroPerf,
 author = {Kim, Chung Hwan and Rhee, Junghwan and Zhang, Hui and Arora, Nipun and Jiang, Guofei and Zhang, Xiangyu and Xu, Dongyan},
 title = {IntroPerf: Transparent Context-sensitive Multi-layer Performance Inference Using System Stack Traces},
 journal = {SIGMETRICS Perform. Eval. Rev.},
 issue_date = {June 2014},
 volume = {42},
 number = {1},
 month = jun,
 year = {2014},
 issn = {0163-5999},
 pages = {235--247},
 numpages = {13},
 url = {http://doi.acm.org/10.1145/2637364.2592008},
 doi = {10.1145/2637364.2592008},
 acmid = {2592008},
 publisher = {ACM},
 address = {New York, NY, USA},
 keywords = {context-sensitive performance analysis, performance inference, stack trace analysis},
} 

@inproceedings{TaoATC2015,
 author = {Rui Ding and Hucheng Zhou and Jian-Guang Lou and Hongyu Zhang and Qingwei Lin and Qiang Fu and Dongmei Zhang and Tao Xie},
 title = {Log2: A Cost-Aware Logging Mechanism for Performance Diagnosis},
 booktitle = {2015 USENIX Annual Technical Conference (USENIX ATC 15)},
 year = {2015},
 month = Jul,
 isbn = {978-1-931971-225},
 address = {Santa Clara, CA},
 pages = {139--150},
 url = {https://www.usenix.org/conference/atc15/technical-session/presentation/ding},
 publisher = {USENIX Association},
}

%performance diagnosis
%end

%distributed

@inproceedings{SambasivanNSDI,
 author = {Sambasivan, Raja R. and Zheng, Alice X. and De Rosa, Michael and Krevat, Elie and Whitman, Spencer and Stroucken, Michael and Wang, William and Xu, Lianghong and Ganger, Gregory R.},
 title = {Diagnosing Performance Changes by Comparing Request Flows},
 booktitle = {Proceedings of the 8th USENIX Conference on Networked Systems Design and Implementation},
 series = {NSDI'11},
 year = {2011},
 location = {Boston, MA},
 pages = {43--56},
 numpages = {14},
 url = {http://dl.acm.org/citation.cfm?id=1972457.1972463},
 acmid = {1972463},
 publisher = {USENIX Association},
 address = {Berkeley, CA, USA},
} 

@inproceedings{Fonseca2010,
 author = {Fonseca, Rodrigo and Freedman, Michael J. and Porter, George},
 title = {Experiences with Tracing Causality in Networked Services},
 booktitle = {Proceedings of the 2010 Internet Network Management Conference on Research on Enterprise Networking},
 series = {INM/WREN'10},
 year = {2010},
 location = {San Jose, CA},
 pages = {10--10},
 numpages = {1},
 url = {http://dl.acm.org/citation.cfm?id=1863133.1863143},
 acmid = {1863143},
 publisher = {USENIX Association},
 address = {Berkeley, CA, USA},
} 

@inproceedings{Kasick2010,
 author = {Kasick, Michael P. and Tan, Jiaqi and Gandhi, Rajeev and Narasimhan, Priya},
 title = {Black-box Problem Diagnosis in Parallel File Systems},
 booktitle = {Proceedings of the 8th USENIX Conference on File and Storage Technologies},
 series = {FAST'10},
 year = {2010},
 location = {San Jose, California},
 pages = {4--4},
 numpages = {1},
 url = {http://dl.acm.org/citation.cfm?id=1855511.1855515},
 acmid = {1855515},
 publisher = {USENIX Association},
 address = {Berkeley, CA, USA},
} 

@inproceedings{XuSOSP2009,
 author = {Xu, Wei and Huang, Ling and Fox, Armando and Patterson, David and Jordan, Michael I.},
 title = {Detecting Large-scale System Problems by Mining Console Logs},
 booktitle = {Proceedings of the ACM SIGOPS 22Nd Symposium on Operating Systems Principles},
 series = {SOSP '09},
 year = {2009},
 isbn = {978-1-60558-752-3},
 location = {Big Sky, Montana, USA},
 pages = {117--132},
 numpages = {16},
 url = {http://doi.acm.org/10.1145/1629575.1629587},
 doi = {10.1145/1629575.1629587},
 acmid = {1629587},
 publisher = {ACM},
 address = {New York, NY, USA},
 keywords = {console log analysis, monitoring, pca, problem detection, source code analysis, statistical learning, tracing},
}

%distributed
%end

%performance bug detection
%begin

@inproceedings{Alabama,
 author = {Nistor, Adrian and Song, Linhai and Marinov, Darko and Lu, Shan},
 title = { Toddler: Detecting Performance Problems via Similar Memory-Access Patterns},
 booktitle = {Proceedings of the 2013 International Conference on Software Engineering},
 series = {ICSE '13},
 year = {2013},
 isbn = {978-1-4673-3076-3},
 location = {San Francisco, CA, USA},
 pages = {562--571},
 numpages = {10},
 url = {http://dl.acm.org/citation.cfm?id=2486788.2486862},
 acmid = {2486862},
 publisher = {IEEE Press},
 address = {Piscataway, NJ, USA},
}


@inproceedings{CARAMEL,
 author = {Nistor, Adrian and Chang, Po-Chun and Radoi, Cosmin and Lu, Shan},
 title = {CARAMEL: Detecting and Fixing Performance Problems That Have Non-Intrusive Fixes},
 booktitle = {ICSE},
 year = {2015},
} 

@inproceedings{XuDataStructure,
 author = {Xu, Guoqing and Mitchell, Nick and Arnold, Matthew and Rountev, Atanas and Schonberg, Edith and Sevitsky, Gary},
 title = {Finding low-utility data structures},
 booktitle = {Proceedings of the 31st ACM SIGPLAN Conference on Programming Language Design and Implementation},
 series = {PLDI '10},
 year = {2010},
 isbn = {978-1-4503-0019-3},
 location = {Toronto, Ontario, Canada},
 pages = {174--186},
 numpages = {13},
 url = {http://doi.acm.org/10.1145/1806596.1806617},
 doi = {10.1145/1806596.1806617},
 acmid = {1806617},
 publisher = {ACM},
 address = {New York, NY, USA},
 keywords = {abstract dynamic thin slicing, cost benefit analysis, memory bloat},
} 

@inproceedings{BloatFSE2008,
 author = {Dufour, Bruno and Ryder, Barbara G. and Sevitsky, Gary},
 title = {A scalable technique for characterizing the usage of temporaries in framework-intensive Java applications},
 booktitle = {Proceedings of the 16th ACM SIGSOFT International Symposium on Foundations of Software Engineering},
 series = {SIGSOFT '08/FSE-16},
 year = {2008},
 isbn = {978-1-59593-995-1},
 location = {Atlanta, Georgia},
 pages = {59--70},
 numpages = {12},
 url = {http://doi.acm.org/10.1145/1453101.1453111},
 doi = {10.1145/1453101.1453111},
 acmid = {1453111},
 publisher = {ACM},
 address = {New York, NY, USA},
 keywords = {Java, dataflow analysis, escape analysis, framework-intensive applications, performance, program understanding},
} 

@inproceedings{jolt,
 author = {Shankar, Ajeet and Arnold, Matthew and Bodik, Rastislav},
 title = {Jolt: Lightweight Dynamic Analysis and Removal of Object Churn},
 booktitle = {Proceedings of the 23rd ACM SIGPLAN Conference on Object-oriented Programming Systems Languages and Applications},
 series = {OOPSLA '08},
 year = {2008},
 isbn = {978-1-60558-215-3},
 location = {Nashville, TN, USA},
 pages = {127--142},
 numpages = {16},
 url = {http://doi.acm.org/10.1145/1449764.1449775},
 doi = {10.1145/1449764.1449775},
 acmid = {1449775},
 publisher = {ACM},
 address = {New York, NY, USA},
 keywords = {allocation optimization, churn, escape analysis, inlining, java, selective optimization, virtual machine},
}

@article{JavaMemoryLeak,
 author = {Xu, Guoqing and Rountev, Atanas},
 title = {Precise Memory Leak Detection for Java Software Using Container Profiling},
 journal = {ACM Trans. Softw. Eng. Methodol.},
 issue_date = {July 2013},
 volume = {22},
 number = {3},
 month = jul,
 year = {2013},
 issn = {1049-331X},
 pages = {17:1--17:28},
 articleno = {17},
 numpages = {28},
 url = {http://doi.acm.org/10.1145/2491509.2491511},
 doi = {10.1145/2491509.2491511},
 acmid = {2491511},
 publisher = {ACM},
 address = {New York, NY, USA},
 keywords = {Memory leaks, container profiling, leaking confidence},
} 



@inproceedings{XuBloatPLDI2009,
 author = {Xu, Guoqing and Arnold, Matthew and Mitchell, Nick and Rountev, Atanas and Sevitsky, Gary},
 title = {Go with the flow: profiling copies to find runtime bloat},
 booktitle = {Proceedings of the 30th ACM SIGPLAN Conference on Programming Language Design and Implementation},
 series = {PLDI '09},
 year = {2009},
 isbn = {978-1-60558-392-1},
 location = {Dublin, Ireland},
 pages = {419--430},
 numpages = {12},
 url = {http://doi.acm.org/10.1145/1542476.1542523},
 doi = {10.1145/1542476.1542523},
 acmid = {1542523},
 publisher = {ACM},
 address = {New York, NY, USA},
 keywords = {copy graph, heap analysis, memory bloat, profiling},
}

@inproceedings{XuBloatPLDI2010,
 author = {Xu, Guoqing and Rountev, Atanas},
 title = {Detecting inefficiently-used containers to avoid bloat},
 booktitle = {Proceedings of the 31st ACM SIGPLAN Conference on Programming Language Design and Implementation},
 series = {PLDI '10},
 year = {2010},
 isbn = {978-1-4503-0019-3},
 location = {Toronto, Ontario, Canada},
 pages = {160--173},
 numpages = {14},
 url = {http://doi.acm.org/10.1145/1806596.1806616},
 doi = {10.1145/1806596.1806616},
 acmid = {1806616},
 publisher = {ACM},
 address = {New York, NY, USA},
 keywords = {cfl reachability, container bloat, points-to analysis},
}

@inproceedings{LeakChaser,
 author = {Xu, Guoqing and Bond, Michael D. and Qin, Feng and Rountev, Atanas},
 title = {LeakChaser: Helping Programmers Narrow Down Causes of Memory Leaks},
 booktitle = {Proceedings of the 32Nd ACM SIGPLAN Conference on Programming Language Design and Implementation},
 series = {PLDI '11},
 year = {2011},
 isbn = {978-1-4503-0663-8},
 location = {San Jose, California, USA},
 pages = {270--282},
 numpages = {13},
 url = {http://doi.acm.org/10.1145/1993498.1993530},
 doi = {10.1145/1993498.1993530},
 acmid = {1993530},
 publisher = {ACM},
 address = {New York, NY, USA},
 keywords = {leakchaser, memory leak detection, object lifetime assertions},
} 


@inproceedings{Cachetor,
 author = {Nguyen, Khanh and Xu, Guoqing},
 title = {Cachetor: Detecting Cacheable Data to Remove Bloat},
 booktitle = {Proceedings of the 2013 9th Joint Meeting on Foundations of Software Engineering},
 series = {ESEC/FSE 2013},
 year = {2013},
 isbn = {978-1-4503-2237-9},
 location = {Saint Petersburg, Russia},
 pages = {268--278},
 numpages = {11},
 url = {http://doi.acm.org/10.1145/2491411.2491416},
 doi = {10.1145/2491411.2491416},
 acmid = {2491416},
 publisher = {ACM},
 address = {New York, NY, USA},
 keywords = {Runtime bloat, cacheable data, dynamic dependence analysis, performance optimization},
} 

@inproceedings{LoopInvariant,
 author = {Xu, Guoqing and Yan, Dacong and Rountev, Atanas},
 title = {Static Detection of Loop-invariant Data Structures},
 booktitle = {Proceedings of the 26th European Conference on Object-Oriented Programming},
 series = {ECOOP'12},
 year = {2012},
 isbn = {978-3-642-31056-0},
 location = {Beijing, China},
 pages = {738--763},
 numpages = {26},
 url = {http://dx.doi.org/10.1007/978-3-642-31057-7_32},
 doi = {10.1007/978-3-642-31057-7_32},
 acmid = {2367207},
 publisher = {Springer-Verlag},
 address = {Berlin, Heidelberg},
} 

@inproceedings{PerfBlower,
 author = {Fang, Lu and Dou, Liang and Xu, Guoqing},
 title = {PerfBlower: Quickly Detecting Memory-Related Performance Problems via Amplification},
 booktitle = {Proceedings of the 29th European Conference on Object-Oriented Programming},
 series = {ECOOP'15},
 year = {2015},
} 


@inproceedings{Reusable,
 author = {Xu, Guoqing},
 title = {Finding Reusable Data Structures},
 booktitle = {Proceedings of the ACM International Conference on Object Oriented Programming Systems Languages and Applications},
 series = {OOPSLA '12},
 year = {2012},
 isbn = {978-1-4503-1561-6},
 location = {Tucson, Arizona, USA},
 pages = {1017--1034},
 numpages = {18},
 url = {http://doi.acm.org/10.1145/2384616.2384690},
 doi = {10.1145/2384616.2384690},
 acmid = {2384690},
 publisher = {ACM},
 address = {New York, NY, USA},
 keywords = {data structure encoding, memory management, object reuse, performance optimization},
}

@inproceedings{Resurrector,
 author = {Xu, Guoqing},
 title = {Resurrector: A Tunable Object Lifetime Profiling Technique for Optimizing Real-world Programs},
 booktitle = {Proceedings of the 2013 ACM SIGPLAN International Conference on Object Oriented Programming Systems Languages and Applications},
 series = {OOPSLA '13},
 year = {2013},
 isbn = {978-1-4503-2374-1},
 location = {Indianapolis, Indiana, USA},
 pages = {111--130},
 numpages = {20},
 url = {http://doi.acm.org/10.1145/2509136.2509512},
 doi = {10.1145/2509136.2509512},
 acmid = {2509512},
 publisher = {ACM},
 address = {New York, NY, USA},
 keywords = {memory management, object lifetime information, performance optimization},
} 



@inproceedings{PerfBug,
 author = {Jin, Guoliang and Song, Linhai and Shi, Xiaoming and Scherpelz, Joel and Lu, Shan},
 title = {Understanding and detecting real-world performance bugs},
 booktitle = {Proceedings of the 33rd ACM SIGPLAN Conference on Programming Language Design and Implementation},
 series = {PLDI '12},
 year = {2012},
 isbn = {978-1-4503-1205-9},
 location = {Beijing, China},
 pages = {77--88},
 numpages = {12},
 url = {http://doi.acm.org/10.1145/2254064.2254075},
 doi = {10.1145/2254064.2254075},
 acmid = {2254075},
 publisher = {ACM},
 address = {New York, NY, USA},
 keywords = {characteristics study, performance bugs, rule-based bug detection},
} 

@inproceedings{perf.fse10,
 author = {Killian, Charles and Nagaraj, Karthik and Pervez, Salman and Braud, Ryan and Anderson, James W. and Jhala, Ranjit},
 title = {Finding latent performance bugs in systems implementations},
 booktitle = {Proceedings of the Eighteenth ACM SIGSOFT International Symposium on Foundations of Software Engineering},
 series = {FSE '10},
 year = {2010},
 isbn = {978-1-60558-791-2},
 location = {Santa Fe, New Mexico, USA},
 pages = {17--26},
 numpages = {10},
 url = {http://doi.acm.org/10.1145/1882291.1882297},
 doi = {10.1145/1882291.1882297},
 acmid = {1882297},
 publisher = {ACM},
 address = {New York, NY, USA},
 keywords = {debugging, distributed systems, mace, macepc, performance},
}


@INPROCEEDINGS{xiao13:context,
 author = {Xusheng Xiao and Shi Han and Tao Xie and Dongmei Zhang},
 title = {Context-Sensitive Delta Inference for Identifying Workload-Dependent Performance Bottlenecks},
 booktitle = {Proceedings of the 2013 International Symposium on Software Testing and Analysis},
 series = {ISSTA 2013},
 year = {2013},
 isbn = {978-1-4503-2159-4},
 location = {Lugano, Switzerland},
 pages = {90--100},
 numpages = {11},
 url = {http://doi.acm.org/10.1145/2483760.2483784},
 doi = {10.1145/2483760.2483784},
 acmid = {2483784},
 publisher = {ACM},
 address = {New York, NY, USA},
 keywords = {Performance analysis, model prediction},
}

@inproceedings{WAIT,
 author = {Altman, Erik and Arnold, Matthew and Fink, Stephen and Mitchell, Nick},
 title = {Performance Analysis of Idle Programs},
 booktitle = {Proceedings of the ACM International Conference on Object Oriented Programming Systems Languages and Applications},
 series = {OOPSLA '10},
 year = {2010},
 isbn = {978-1-4503-0203-6},
 location = {Reno/Tahoe, Nevada, USA},
 pages = {739--753},
 numpages = {15},
 url = {http://doi.acm.org/10.1145/1869459.1869519},
 doi = {10.1145/1869459.1869519},
 acmid = {1869519},
 publisher = {ACM},
 address = {New York, NY, USA},
 keywords = {bottlenecks, idle time, multi-tier server applications, performance analysis},
} 

@inproceedings{falsesharing,
 author = {Liu, Tongping and Berger, Emery D.},
 title = {SHERIFF: Precise Detection and Automatic Mitigation of False Sharing},
 booktitle = {Proceedings of the 2011 ACM International Conference on Object Oriented Programming Systems Languages and Applications},
 series = {OOPSLA '11},
 year = {2011},
 isbn = {978-1-4503-0940-0},
 location = {Portland, Oregon, USA},
 pages = {3--18},
 numpages = {16},
 url = {http://doi.acm.org/10.1145/2048066.2048070},
 doi = {10.1145/2048066.2048070},
 acmid = {2048070},
 publisher = {ACM},
 address = {New York, NY, USA},
 keywords = {false sharing, multi-threaded},
} 

@inproceedings{ORMPatterns,
 author = {Chen, Tse-Hsun and Shang, Weiyi and Jiang, Zhen Ming and Hassan, Ahmed E. and Nasser, Mohamed and Flora, Parminder},
 title = {Detecting Performance Anti-patterns for Applications Developed Using Object-relational Mapping},
 booktitle = {Proceedings of the 36th International Conference on Software Engineering},
 series = {ICSE 2014},
 year = {2014},
 isbn = {978-1-4503-2756-5},
 location = {Hyderabad, India},
 pages = {1001--1012},
 numpages = {12},
 url = {http://doi.acm.org/10.1145/2568225.2568259},
 doi = {10.1145/2568225.2568259},
 acmid = {2568259},
 publisher = {ACM},
 address = {New York, NY, USA},
 keywords = {Dynamic Analysis, Performance, Performance Anti-pattern, Performance Evaluation, Static Analysis},
} 

@inproceedings{SmartphoneStudy,
 author = {Liu, Yepang and Xu, Chang and Cheung, Shing-Chi},
 title = {Characterizing and Detecting Performance Bugs for Smartphone Applications},
 booktitle = {Proceedings of the 36th International Conference on Software Engineering},
 series = {ICSE 2014},
 year = {2014},
 isbn = {978-1-4503-2756-5},
 location = {Hyderabad, India},
 pages = {1013--1024},
 numpages = {12},
 url = {http://doi.acm.org/10.1145/2568225.2568229},
 doi = {10.1145/2568225.2568229},
 acmid = {2568229},
 publisher = {ACM},
 address = {New York, NY, USA},
 keywords = {Empirical study, performance bug, static analysis, testing},
} 

@inproceedings{CLARITY,
 author = {Olivo, Oswaldo and Dillig, Isil and Lin, Calvin},
 title = {Static Detection of Asymptotic Performance Bugs in Collection Traversals},
 booktitle = {Proceedings of the 36th ACM SIGPLAN Conference on Programming Language Design and Implementation},
 series = {PLDI 2015},
 year = {2015},
 isbn = {978-1-4503-3468-6},
 location = {Portland, OR, USA},
 pages = {369--378},
 numpages = {10},
 url = {http://doi.acm.org/10.1145/2737924.2737966},
 doi = {10.1145/2737924.2737966},
 acmid = {2737966},
 publisher = {ACM},
 address = {New York, NY, USA},
 keywords = {performance bugs, program analysis, static analysis},
} 


%performance bug detection
%end


%profiling
%begin

@inproceedings{Aprof1,
 author = {Coppa, Emilio and Demetrescu, Camil and Finocchi, Irene},
 title = {Input-sensitive Profiling},
 booktitle = {Proceedings of the 33rd ACM SIGPLAN Conference on Programming Language Design and Implementation},
 series = {PLDI '12},
 year = {2012},
 isbn = {978-1-4503-1205-9},
 location = {Beijing, China},
 pages = {89--98},
 numpages = {10},
 url = {http://doi.acm.org/10.1145/2254064.2254076},
 doi = {10.1145/2254064.2254076},
 acmid = {2254076},
 publisher = {ACM},
 address = {New York, NY, USA},
 keywords = {asymptotic analysis, dynamic program analysis, instrumentation, performance profiling},
}


@inproceedings{Aprof2,
 author = {Coppa, Emilio and Demetrescu, Camil and Finocchi, Irene and Marotta, Romolo},
 title = {Estimating the Empirical Cost Function of Routines with Dynamic Workloads},
 booktitle = {Proceedings of Annual IEEE/ACM International Symposium on Code Generation and Optimization},
 series = {CGO '14},
 year = {2014},
 isbn = {978-1-4503-2670-4},
 location = {Orlando, FL, USA},
 pages = {230:230--230:239},
 articleno = {230},
 numpages = {10},
 url = {http://doi.acm.org/10.1145/2544137.2544143},
 doi = {10.1145/2544137.2544143},
 acmid = {2544143},
 publisher = {ACM},
 address = {New York, NY, USA},
 keywords = {Asymptotic analysis, Valgrind, instrumentation, performance profiling, workload characterization},
} 

@inproceedings{AlgoProf,
 author = {Zaparanuks, Dmitrijs and Hauswirth, Matthias},
 title = {Algorithmic Profiling},
 booktitle = {Proceedings of the 33rd ACM SIGPLAN Conference on Programming Language Design and Implementation},
 series = {PLDI '12},
 year = {2012},
 isbn = {978-1-4503-1205-9},
 location = {Beijing, China},
 pages = {67--76},
 numpages = {10},
 url = {http://doi.acm.org/10.1145/2254064.2254074},
 doi = {10.1145/2254064.2254074},
 acmid = {2254074},
 publisher = {ACM},
 address = {New York, NY, USA},
 keywords = {algorithmic complexity, algorithmic profiling},
} 


@inproceedings{AdaptiveBurst,
 author = {Zhuang, Xiaotong and Serrano, Mauricio J. and Cain, Harold W. and Choi, Jong-Deok},
 title = {Accurate, Efficient, and Adaptive Calling Context Profiling},
 booktitle = {Proceedings of the 27th ACM SIGPLAN Conference on Programming Language Design and Implementation},
 series = {PLDI '06},
 year = {2006},
 isbn = {1-59593-320-4},
 location = {Ottawa, Ontario, Canada},
 pages = {263--271},
 numpages = {9},
 url = {http://doi.acm.org/10.1145/1133981.1134012},
 doi = {10.1145/1133981.1134012},
 acmid = {1134012},
 publisher = {ACM},
 address = {New York, NY, USA},
 keywords = {adaptive, call graph, calling context, calling context tree, java virtual machine, profiling},
}


@inproceedings{HotCallingContext,
 author = {D'Elia, Daniele Cono and Demetrescu, Camil and Finocchi, Irene},
 title = {Mining Hot Calling Contexts in Small Space},
 booktitle = {Proceedings of the 32Nd ACM SIGPLAN Conference on Programming Language Design and Implementation},
 series = {PLDI '11},
 year = {2011},
 isbn = {978-1-4503-0663-8},
 location = {San Jose, California, USA},
 pages = {516--527},
 numpages = {12},
 url = {http://doi.acm.org/10.1145/1993498.1993559},
 doi = {10.1145/1993498.1993559},
 acmid = {1993559},
 publisher = {ACM},
 address = {New York, NY, USA},
 keywords = {data streaming algorithms, dynamic program analysis, frequent items, performance profiling, program instrumentation},
} 

@inproceedings{4Profilers,
 author = {Mytkowicz, Todd and Diwan, Amer and Hauswirth, Matthias and Sweeney, Peter F.},
 title = {Evaluating the Accuracy of Java Profilers},
 booktitle = {Proceedings of the 31st ACM SIGPLAN Conference on Programming Language Design and Implementation},
 series = {PLDI '10},
 year = {2010},
 isbn = {978-1-4503-0019-3},
 location = {Toronto, Ontario, Canada},
 pages = {187--197},
 numpages = {11},
 url = {http://doi.acm.org/10.1145/1806596.1806618},
 doi = {10.1145/1806596.1806618},
 acmid = {1806618},
 publisher = {ACM},
 address = {New York, NY, USA},
 keywords = {bias, observer effect, profiling},
} 

@inproceedings{LagHunter,
 author = {Jovic, Milan and Adamoli, Andrea and Hauswirth, Matthias},
 title = {Catch Me if You Can: Performance Bug Detection in the Wild},
 booktitle = {Proceedings of the 2011 ACM International Conference on Object Oriented Programming Systems Languages and Applications},
 series = {OOPSLA '11},
 year = {2011},
 isbn = {978-1-4503-0940-0},
 location = {Portland, Oregon, USA},
 pages = {155--170},
 numpages = {16},
 url = {http://doi.acm.org/10.1145/2048066.2048081},
 doi = {10.1145/2048066.2048081},
 acmid = {2048081},
 publisher = {ACM},
 address = {New York, NY, USA},
 keywords = {latency bug, perceptible performance, profiling},
} 

@inproceedings{AppInsight,
 author = {Ravindranath, Lenin and Padhye, Jitendra and Agarwal, Sharad and Mahajan, Ratul and Obermiller, Ian and Shayandeh, Shahin},
 title = {AppInsight: Mobile App Performance Monitoring in the Wild},
 booktitle = {Proceedings of the 10th USENIX Conference on Operating Systems Design and Implementation},
 series = {OSDI'12},
 year = {2012},
 isbn = {978-1-931971-96-6},
 location = {Hollywood, CA, USA},
 pages = {107--120},
 numpages = {14},
 url = {http://dl.acm.org/citation.cfm?id=2387880.2387891},
 acmid = {2387891},
 publisher = {USENIX Association},
 address = {Berkeley, CA, USA},
} 


%profiling
%end



